<?xml version="1.0" encoding="UTF-8"?><record xmlns="http://www.loc.gov/MARC21/slim" xmlns:cinclude="http://apache.org/cocoon/include/1.0" xmlns:zs="http://www.loc.gov/zing/srw/">
  <leader>01663cz  a2200217n  4500</leader>
  <controlfield tag="001">n  88001601 </controlfield>
  <controlfield tag="003">DLC</controlfield>
  <controlfield tag="005">20081231071046.0</controlfield>
  <controlfield tag="008">880328n| acannaab           |a ana     c</controlfield>
  <datafield tag="010" ind1=" " ind2=" ">
    <subfield code="a">n  88001601 </subfield>
    <subfield code="z">n  50040201 </subfield>
  </datafield>
  <datafield tag="040" ind1=" " ind2=" ">
    <subfield code="a">MoSU-L</subfield>
    <subfield code="c">DLC</subfield>
    <subfield code="d">DLC</subfield>
    <subfield code="d">DLC-S</subfield>
    <subfield code="d">DLC</subfield>
  </datafield>
  <datafield tag="110" ind1="2" ind2=" ">
    <subfield code="a">General Council of the Bar (England and Wales)</subfield>
  </datafield>
  <datafield tag="410" ind1="2" ind2=" ">
    <subfield code="a">Bar Council (England and Wales)</subfield>
  </datafield>
  <datafield tag="410" ind1="2" ind2=" ">
    <subfield code="a">Bar of England and Wales</subfield>
  </datafield>
  <datafield tag="510" ind1="2" ind2=" ">
    <subfield code="w">a</subfield>
    <subfield code="a">Senate of the Inns of Court and the Bar</subfield>
  </datafield>
  <datafield tag="667" ind1=" " ind2=" ">
    <subfield code="a">Qualifier reflects that the body does not apply to Scotland (Faculty of Advocates) and Northern Ireland (Bar Council of Northern Ireland) and does not refer to the country England and Wales (1536-1707)</subfield>
  </datafield>
  <datafield tag="670" ind1=" " ind2=" ">
    <subfield code="a">Amendments to the third ed. of the Code of conduct for the Bar of England and Wales, 1987:</subfield>
    <subfield code="b">prelim. p. 1 (Senate of the Inns of Court and the Bar ... ceased to exist as such at the end of 1986. From Jan. 1, 1987 it sep. into two entities: General Council of the Bar and Council of the Inns of Court)</subfield>
  </datafield>
  <datafield tag="670" ind1=" " ind2=" ">
    <subfield code="a">Counsel (London, England). Counsel, July/Aug. 1988:</subfield>
    <subfield code="b">p. 1 (Bar Council) p. 2 (General Council of the Bar)</subfield>
  </datafield>
  <datafield tag="670" ind1=" " ind2=" ">
    <subfield code="a">General Council of the Bar WWW Home page, May 9, 2001</subfield>
    <subfield code="b">(General Council of the Bar of England and Wales)</subfield>
  </datafield>
  <datafield tag="670" ind1=" " ind2=" ">
    <subfield code="a">The crisis of human rights in Bahrain, 1998:</subfield>
    <subfield code="b">cover (The Bar of England and Wales)</subfield>
  </datafield>
  <datafield tag="670" ind1=" " ind2=" ">
    <subfield code="a">Its Web site, June 19, 2002</subfield>
    <subfield code="b">(The Bar Council; The General Council of the Bar; the General Council of the Bar (known as the Bar Council) was founded in 1894; represents a wide variety of interests at the Bar and is made up of 115 barristers who are elected or represent the Inns, Circuits, and Specialist Bar Associations)</subfield>
  </datafield>
</record>